<record xmlns="http://www.loc.gov/MARC21/slim">
   <leader>04714cam a22005538i 45 0</leader>
   <controlfield tag="001">6803658</controlfield>
   <controlfield tag="003">OCoLC</controlfield>
   <controlfield tag="005">20150211135156.0</controlfield>
   <controlfield tag="006">m    |o  d |      </controlfield>
   <controlfield tag="007">cr*|||||||||||</controlfield>
   <controlfield tag="008">141103s2015    nyu     ob    001 0 eng  </controlfield>
   <datafield ind1=" " ind2=" " tag="010">
      <subfield code="a">  2014030812</subfield>
   </datafield>
   <datafield ind1=" " ind2=" " tag="020">
      <subfield code="a">9781107444928 (ebook)</subfield>
   </datafield>
   <datafield ind1=" " ind2=" " tag="020">
      <subfield code="a">9781107059344 (hardback)</subfield>
   </datafield>
   <datafield ind1=" " ind2=" " tag="020">
      <subfield code="a">1107059348 (hardback)</subfield>
   </datafield>
   <datafield ind1=" " ind2=" " tag="020">
      <subfield code="a">9781107629639 (paperback)</subfield>
   </datafield>
   <datafield ind1=" " ind2=" " tag="020">
      <subfield code="a">1107629632 (paperback)</subfield>
   </datafield>
   <datafield ind1=" " ind2=" " tag="035">
      <subfield code="a">ocn903346333</subfield>
   </datafield>
   <datafield ind1=" " ind2=" " tag="040">
      <subfield code="a">DLC</subfield>
      <subfield code="b">eng</subfield>
      <subfield code="e">rda</subfield>
      <subfield code="c">DLC</subfield>
      <subfield code="d">BTCTA</subfield>
      <subfield code="d">OCLCO</subfield>
      <subfield code="d">AEU</subfield>
   </datafield>
   <datafield ind1=" " ind2=" " tag="042">
      <subfield code="a">pcc</subfield>
   </datafield>
   <datafield ind1=" " ind2=" " tag="043">
      <subfield code="a">sn-----</subfield>
   </datafield>
   <datafield ind1="0" ind2="0" tag="050">
      <subfield code="a">F2230.1.M6</subfield>
      <subfield code="b">F86 2015</subfield>
   </datafield>
   <datafield ind1="0" ind2="0" tag="082">
      <subfield code="a">980/.01</subfield>
      <subfield code="2">23</subfield>
   </datafield>
   <datafield ind1=" " ind2=" " tag="084">
      <subfield code="a">SOC003000</subfield>
      <subfield code="2">bisacsh</subfield>
   </datafield>
   <datafield ind1=" " ind2=" " tag="090">
      <subfield code="a">Internet Access</subfield>
      <subfield code="b">AEU</subfield>
   </datafield>
   <datafield ind1="0" ind2="0" tag="245">
      <subfield code="a">Funerary practices and models in the ancient Andes :</subfield>
      <subfield code="b">the return of the living dead /</subfield>
      <subfield code="c">edited by Peter Eeckhout (Université Libre de Bruxelles), Lawrence S. Owens (Birkbeck College, University of London).</subfield>
   </datafield>
   <datafield ind1=" " ind2="1" tag="264">
      <subfield code="a">New York, NY :</subfield>
      <subfield code="b">Cambridge University Press,</subfield>
      <subfield code="c">2015.</subfield>
   </datafield>
   <datafield ind1=" " ind2=" " tag="300">
      <subfield code="a">1 online resource.</subfield>
   </datafield>
   <datafield ind1=" " ind2=" " tag="336">
      <subfield code="a">text</subfield>
      <subfield code="2">rdacontent</subfield>
   </datafield>
   <datafield ind1=" " ind2=" " tag="337">
      <subfield code="a">computer</subfield>
      <subfield code="2">rdamedia</subfield>
   </datafield>
   <datafield ind1=" " ind2=" " tag="338">
      <subfield code="a">online resource</subfield>
      <subfield code="2">rdacarrier</subfield>
   </datafield>
   <datafield ind1=" " ind2=" " tag="504">
      <subfield code="a">Includes bibliographical references and index.</subfield>
   </datafield>
   <datafield ind1="0" ind2=" " tag="505">
      <subfield code="a">The impossibility of death : introduction to funerary practices and models in the ancient Andes / Peter Eeckhout and Lawrence S. Owens -- Death and the dead in formative Peru / Peter Kaulicke -- Far away, so close : living with the ancestors in Panquilma, Peruvian central coast / Enrique Lopez-Hurtado -- A temple for the dead at San Juanito, lower Santa Valley, during the Initial Period / Claude Chapdelaine and Gérard Gagné -- Tombs and tumuli on the coast and pampa of Tarapacá : explaining the Formative Period in northern Chile (south central Andes) / Carolina Agüero and Mauricio Uribe -- Paracas funerary practices in Palpa, south coast of Peru / Elsa Tomasto-Cagigao, Markus Reindel and Johny Isla -- When the dead speak in Moche : funerary customs in an architectural complex associated with the Huaca del Sol and the Huaca de la Luna / Henry Gayoso Rullier and Santiago Uceda Castillo -- The construction of social identity : tombs of specialists at San José de Moro, Jequetepeque Valley, Peru / Carlos E. Rengifo and Luis Jaime Castillo Butters -- Bodies of evidence : mortuary archaeology and the Wari-Tiwanaku paradox / William H. Isbell and Antti Korpisaari -- To the god of death, disease, and healing : social bioarchaeology of Cemetery I at Pachacamac / Lawrence S. Owens and Peter Eeckhout -- The preparation of corpses and mummy bundles in Ychsma funerary practices at Armatambo / Luisa Díaz Arriola -- From one burial to another : a sequence of funerary patterns from the Manteño culture (Integration Period, AD 800-1535) site of Japotó, Manabí Province, Ecuador / Tania Delabarde -- Decapitated for the temple : a Nazca funerary context from Cahuachi / Oscar D. Llanos Jacinto -- Multidisciplinary study of Nectandra sp. seeds from Chimu funerary contexts at Huaca de la Luna, north coast of Peru / Maria del R. Montoya Vera.</subfield>
   </datafield>
   <datafield ind1=" " ind2=" " tag="506">
      <subfield code="a">Access restricted to authorized users and institutions.</subfield>
   </datafield>
   <datafield ind1="2" ind2=" " tag="520">
      <subfield code="a">"This edited volume focuses on the funerary archaeology of the Pan-Andean area in the pre-Hispanic period. The contributors examine the treatment of the dead and provide an understanding of how these ancient groups coped with mortality, as well as the ways in which they strove to overcome the effects of death. The contributors also present previously unpublished discoveries and employ a range of academic and analytical approaches that have rarely--if ever--been utilised in South America before. The book covers the Formative Period to the end of the Inca Empire, and the chapters together comprise a state-of-the-art summary of all the best research on Andean funerary archaeology currently being carried out around the globe"--</subfield>
      <subfield code="c">Provided by publisher.</subfield>
   </datafield>
   <datafield ind1=" " ind2=" " tag="596">
      <subfield code="a">44</subfield>
   </datafield>
   <datafield ind1=" " ind2="0" tag="650">
      <subfield code="a">Funeral rites and ceremonies, Ancient</subfield>
      <subfield code="z">Andes Region.</subfield>
   </datafield>
   <datafield ind1=" " ind2="0" tag="650">
      <subfield code="a">Indians of South America</subfield>
      <subfield code="z">Andes Region</subfield>
      <subfield code="x">Antiquities.</subfield>
   </datafield>
   <datafield ind1=" " ind2="0" tag="650">
      <subfield code="a">Death</subfield>
      <subfield code="x">Social aspects</subfield>
      <subfield code="z">Andes Region</subfield>
      <subfield code="x">History</subfield>
      <subfield code="y">To 1500.</subfield>
   </datafield>
   <datafield ind1=" " ind2="0" tag="650">
      <subfield code="a">Tombs</subfield>
      <subfield code="z">Andes Region.</subfield>
   </datafield>
   <datafield ind1=" " ind2="0" tag="650">
      <subfield code="a">Grave goods</subfield>
      <subfield code="z">Andes Region.</subfield>
   </datafield>
   <datafield ind1=" " ind2="0" tag="650">
      <subfield code="a">Human remains (Archaeology)</subfield>
      <subfield code="z">Andes Region.</subfield>
   </datafield>
   <datafield ind1=" " ind2="0" tag="650">
      <subfield code="a">Social archaeology</subfield>
      <subfield code="z">Andes Region.</subfield>
   </datafield>
   <datafield ind1=" " ind2="0" tag="650">
      <subfield code="a">Excavations (Archaeology)</subfield>
      <subfield code="z">Andes Region.</subfield>
   </datafield>
   <datafield ind1=" " ind2="0" tag="651">
      <subfield code="a">Andes Region</subfield>
      <subfield code="x">Antiquities.</subfield>
   </datafield>
   <datafield ind1="1" ind2=" " tag="700">
      <subfield code="a">Eeckhout, Peter.</subfield>
   </datafield>
   <datafield ind1="1" ind2=" " tag="700">
      <subfield code="a">Owens, L. S.</subfield>
      <subfield code="q">(Lawrence S.)</subfield>
   </datafield>
   <datafield ind1="4" ind2="0" tag="856">
      <subfield code="3">University of Alberta Access</subfield>
      <subfield code="u">http://dx.doi.org/10.1017/CBO9781107444928</subfield>
   </datafield>
   <datafield ind1=" " ind2=" " tag="926">
      <subfield code="a">Internet Access</subfield>
      <subfield code="w">LC</subfield>
      <subfield code="c">1</subfield>
      <subfield code="i">6803658-1001</subfield>
      <subfield code="l">INTERNET</subfield>
      <subfield code="m">UAINTERNET</subfield>
      <subfield code="r">Y</subfield>
      <subfield code="s">Y</subfield>
      <subfield code="t">E-RESOURCE</subfield>
      <subfield code="u">2/11/2015</subfield>
      <subfield code="x">E-BOOK</subfield>
      <subfield code="z">CBO</subfield>
   </datafield>
</record>
